@misc{restAPIs,
    title        = "REST APIs",
    author       = "IBM Cloud Education",
    howpublished = "\url{https://www.ibm.com/uk-en/cloud/learn/rest-apis}",
    note         = "Accessed: 2022-02-02"
}

@misc{nielsen,
    title        = "Nielsen's 10 Usability Heuristics",
    author       = "Nielsen, Jakob",
    howpublished = "\url{https://www.nngroup.com/articles/ten-usability-heuristics/}",
    note         = "Accessed: 2022-02-02"
}

@misc{tdd,
    title        = "Test Driven Development",
    author       = "Agile Alliance",
    howpublished = "\url{https://www.agilealliance.org/glossary/tdd/}",
    note         = "Accessed: 2022-02-02"
}

@misc{containerTools,
    title        = "The 10 most popular container tools for businesses",
    author       = "Macy Bayern",
    howpublished = "\url{https://www.techrepublic.com/article/the-10-most-popular-container-tools-for-businesses/}",
    note         = "Accessed: 2022-02-02"
}

@misc{twelveFactor,
    title        = "The Twelve Factor App",
    author       = "Adam Wiggins",
    howpublished = "\url{https://12factor.net/}",
    note         = "Accessed: 2022-02-02"
}

@misc{specification,
    title        = "Group Software Development Project",
    author       = "{Archbold, James}",
    howpublished = "\url{https://warwick.ac.uk/fac/sci/dcs/teaching/material/cs261/project}",
    note         = "Accessed: 2022-02-02"
}

@misc{githubActions,
    title        = "GitHub Actions",
    author       = "GitHub",
    howpublished = "\url{https://docs.github.com/en/actions}",
    note         = "Accessed: 2022-02-02"
}

@misc{CICD,
    title        = "What is CI/CD",
    author       = "Red Hat",
    howpublished = "\url{https://www.redhat.com/en/topics/devops/what-is-ci-cd}",
    note         = "Accessed: 2022-02-02"
}


@misc{scrum,
    title        = "What is Scrum?",
    author       = "Scrum.org",
    howpublished = "\url{https://www.scrum.org/resources/what-is-scrum}",
    note         = "Accessed: 2022-02-02"
}


@misc{trello,
    title        = "Trello",
    author       = "Trello",
    howpublished = "\url{https://trello.com/}",
    note         = "Accessed: 2022-02-02"
}


@misc{agileSpeed,
    title        = "12 Principles Behind the Agile Manifesto",
    author       = "Agile Alliance",
    howpublished = "\url{https://www.agilealliance.org/agile101/12-principles-behind-the-agile-manifesto/}",
    note         = "Accessed: 2022-02-02"
}


@misc{Pytest,
    title        = "Pytest",
    author       = "Holger Krekel and the pytest-dev team",
    howpublished = "\url{https://docs.pytest.org/en/7.0.x/}",
    note         = "Accessed: 2022-02-02"
}

@misc{Codecov,
    title        = "Codecov",
    author       = "Codecov",
    howpublished = "\url{https://about.codecov.io/}",
    note         = "Accessed: 2022-02-02"
}

@misc{Pylint,
    title        = "Pylint",
    author       = "Pylint",
    howpublished = "\url{https://pylint.org/}",
    note         = "Accessed: 2022-02-02"
}

@misc{ESLint,
    title        = "ESLint",
    author       = "ESLint",
    howpublished = "\url{https://eslint.org/}",
    note         = "Accessed: 2022-02-02"
}

@misc{Jest,
    title        = "Jest",
    author       = "Facebook Open Source",
    howpublished = "\url{https://jestjs.io/}",
    note         = "Accessed: 2022-02-02"
}

@misc{Puppeteer,
    title        = "Puppeteer",
    author       = "Google Developers",
    howpublished = "\url{https://developers.google.com/web/tools/puppeteer}",
    note         = "Accessed: 2022-02-02"
}

@misc{Postman,
    title        = "Postman",
    author       = "Postman, Inc",
    howpublished = "\url{https://www.postman.com/}",
    note         = "Accessed: 2022-02-02"
}

@misc{Django,
    title        = "Django",
    author       = "Django Software Foundation",
    howpublished = "\url{https://www.djangoproject.com/}",
    note         = "Accessed: 2022-02-02"
}

@misc{Vue,
    title        = "Vue.js",
    author       = "You, Evan",
    howpublished = "\url{https://vuejs.org/}",
    note         = "Accessed: 2022-02-02"
}

@misc{PostgreSQL,
    title        = "PostgreSQL",
    author       = "PostgreSQL Global Development Group",
    howpublished = "\url{https://www.postgresql.org/}",
    note         = "Accessed: 2022-02-02"
}

@misc{Docker,
    title        = "Docker",
    author       = "Docker",
    howpublished = "\url{https://www.docker.com/}",
    note         = "Accessed: 2022-02-02"
}

@misc{Bootstrap,
    title        = "Bootstrap",
    author       = "Bootstrap team",
    howpublished = "\url{https://getbootstrap.com/}",
    note         = "Accessed: 2022-02-02"
}

@misc{NginX,
    title        = "NginX",
    author       = "F5 Networks, Inc",
    howpublished = "\url{https://www.nginx.com/}",
    note         = "Accessed: 2022-02-02"
}
