@misc{specification,
    title        = "Group Software Development Project",
    author       = "{Archbold, James}",
    howpublished = "\url{https://warwick.ac.uk/fac/sci/dcs/teaching/material/cs261/project}",
    note         = "Accessed: 2022-02-02"
}

@misc{chess_ranking,
    title        = "Chess terms, Elo Rating System",
    author       = "{Chess.com}",
    howpublished = "\url{https://www.chess.com/terms/elo-rating-chess}",
    note         = "Accessed: 2022-02-02"
}

@misc{security_txt,
    title        = "Security.txt standard",
    author       = "{EdOverflow. Shafranovich, Yakov}",
    howpublished = "\url{https://securitytxt.org/}",
    note         = "Accessed: 2022-02-01"
}

@misc{data_protection,
    title        = "Data protection",
    author       = "{HM Government}",
    howpublished = "\url{https://www.gov.uk/data-protection}",
    note         = "Accessed: 2022-02-01"
}

@misc{cookie_law,
    title        = "Privacy and Electronic Communications Regulations. Cookies and similar technologies",
    author       = "{HM Government Information Commissioner's Office}",
    howpublished = "\url{https://ico.org.uk/for-organisations/guide-to-pecr/cookies-and-similar-technologies/}",
    note         = "Accessed: 2022-02-01"
}

@misc{accessibility,
    title        = "Introduction to Web Accessibility ",
    author       = "{W3C}",
    howpublished = "\url{https://www.w3.org/WAI/fundamentals/accessibility-intro/}",
    note         = "Accessed: 2022-02-01"
}

@book{usability_engineering,
  author    = "Jakob Nielsen",
  title     = "Usability Engineering",
  note      = {{ISBN:} 0-12-518406-9},
  publisher = "Morgan Kaufmann",
  address   = "San Francisco",
  year      = 1993
}
